@online{timberweb,
  author       = "{Системы Компьютерного Зрения}",
  title        = "Простой и удобный сервис для подсчета объема круглого леса",
  howpublished = "SmartTimber",
  url          = {https://smarttimber.ru},
  urldate      = "07.06.2020",
  language     = "russian"
}

@online{skia,
  author       = "{Charles Petzold}",
  title        = "SkiaSharp Graphics in Xamarin.Forms",
  howpublished = "Microsoft Docs",
  url          = {https://docs.microsoft.com/en-us/xamarin/xamarin-forms/user-interface/graphics/skiasharp},
  urldate      = "07.06.2020",
  language     = "russian"
}

@online{auth,
  author       = "{DavidParks8}",
  title        = "Owin-Authorization",
  howpublished = "GitHub",
  url          = {https://github.com/DavidParks8/Owin-Authorization},
  urldate      = "07.06.2020",
  language     = "russian"
}

@online{vedomosti,
  author       = "{Пресс-служба ЛАНИТ}",
  title        = "Компания «Системы компьютерного зрения» представила приложение Smart Timber для подсчета объемов древесины",
  howpublished = "Ведомости",
  url          = {https://tinyurl.com/SmartTimber},
  urldate      = "07.06.2020",
  language     = "russian"
}

@online{intersection,
  author       = "{princi singh, princiraj1992, anshrco18}",
  title        = "How to check if two given line segments intersect?",
  howpublished = "GeeksForGeeks",
  url          = {https://www.geeksforgeeks.org/check-if-two-given-line-segments-intersect},
  urldate      = "07.06.2020",
  language     = "russian"
}