@online{chtogotovim,
  author       = "{Destiny Sphere}",
  title        = "Что готовим?",
  howpublished = "Google Play",
  url          = {https://play.google.com/store/apps/details?id=ru.gamespace.myfridge&hl=ru},
  urldate      = "23.12.2019",
  language     = "russian"
}

@online{podberi,
  author       = "{Y\&M}",
  title        = "Подбери рецепт",
  howpublished = "Google Play",
  url          = {https://play.google.com/store/apps/details?id=com.ggl.jr.cookbooksearchbyingredients&hl=ru},
  urldate      = "23.12.2019",
  language     = "russian"
}

@online{realmbenchmark,
  author       = "{AlexeyZatsepin}",
  title        = "Performance comparison of Android ORM Frameworks",
  howpublished = "GitHub",
  url          = {https://github.com/AlexeyZatsepin/Android-ORM-benchmark},
  urldate      = "23.12.2019",
  language     = "russian"
}

@online{anglesharp,
  author       = "{Павел Носович}",
  title        = "Распарсить HTML в .NET и выжить: анализ и сравнение библиотек",
  howpublished = "Хабр",
  url          = {https://habr.com/ru/post/273807/},
  urldate      = "24.12.2019",
  language     = "russian",
  year         = 2015
}

@online{fragments,
  title        = "Fragments",
  howpublished = "Android API Reference",
  url          = {https://developer.android.com/guide/components/fragments},
  urldate      = "25.12.2019",
  language     = "russian"
}

@online{recycler,
  title        = "RecyclerView",
  howpublished = "Android API Reference",
  url          = {https://developer.android.com/reference/androidx/recyclerview/widget/RecyclerView.html},
  urldate      = "25.12.2019",
  language     = "russian"
}